
@MISC{psychology,
  AUTHOR = {Dr John Drury and Dr Chris Cocking},
  TITLE = {{The Mass Psychology of Disastersand Emergency Evacuations}},
  MONTH = mar,
  YEAR = {2007},
  HOWPUBLISHED = "\url{http://academia.edu/1190154/The_mass_psychology_of_disasters_and_emergency_evacuations_A_research_report_and_implications_for_practice}"
}

@MISC{WikipediaFluidMechanics,
  HOWPUBLISHED = "\url{http://en.wikipedia.org/wiki/Fluid_mechanics}"
}

@MISC{fireEvacuationProcedure,
  HOWPUBLISHED="\url{http://www.nicva.org/conference-facilities/fire-evacuation-procedure}",
  TITLE = {{Fire Evacuation Procedure}},
  AUTHOR = {NICVA},
  YEAR = {2013}
}

@MISC{jGuru,
  HOWPUBLISHED = "\url{http://www.jguru.com/faq/view.jsp?EID=106026}",
  YEAR = {2013}
}

@MISC{mvc,
  AUTHOR = {Oracle},
  YEAR = {2013},
  HOWPUBLISHED = "\url{http://www.oracle.com/technetwork/articles/javase/index-142890.html#1}",
  TITLE = {{Definition of Model, View, Controller (MVC)}}
}

@BOOK{StillCrowdDynamics,
  AUTHOR = {G. Keith Still},
  YEAR = {2000},
  TITLE = {Crowd Dynamics},
  PUBLISHER = {University of Warwick}
}

@BOOK{MultiAgentFramework,
  AUTHOR = {Xiaoshan Pan, Charles S. Han, Ken Dauber, Kincho H. Law},
  YEAR = {2006},
  TITLE = {A multi-agent based framework for the simulation of human and social behaviours during emergency evacuations},
  PUBLISHER = {Stanford University}
}

@BOOK{GaleaMathModelling,
  AUTHOR = {E.R. Galea},
  TITLE = {{Use of mathematical modelling in fire safety engineering}},
  PUBLISHER = {F.S.E.G., University of Greenwich}
}

@BOOK{GaleaNumericalSimulation,
  AUTHOR = {E.R. Galea},
  YEAR = {1999},
  TITLE = {{The numerical simulation of aircraft evacuation and it's application to aircraft design and certification}},
  PUBLISHER = {F.S.E.G., University of Greenwich}
}

@BOOK{evacuationModelling, 
  AUTHOR = {S.Gwynne, E.R. Galea, P.J. Lawrence and L. Filippidis},
  YEAR = {1999},
  TITLE = {A Review of the Methodologies Used in Evacuation Modelling},
  PUBLISHER = {University of Greenwich}
}

@BOOK{evacuationSimulatordefinition,
  AUTHOR = {H. Hakonen, T. Susi, M. Siikonen},
  YEAR = {2003},
  TITLE = {{Evacuation Simulation of Tall Buildings}}
}

@BOOK{evacuationModel,
  AUTHOR = {G. Santos, B. Aguirre},
  YEAR = {2004},
  TITLE = {{A Critical Review of Emergency Evacuation Simulation Models}}
}

@BOOK{EvalApprehension,
  AUTHOR = {Robert Rosenthal and Ralph L. Rosnow},
  TITLE = {Artifacts in Behavioral Research},
  YEAR = {2009},
  ISBN = {978-0-19-538554-0},
  PUBLISHER = {{Oxford University Press}}
  
}

@BOOK{AgentBasedTutorial,
  AUTHOR = {CM Macal and MJ North},
  YEAR = {2010},
  TITLE = {{Tutorial on agent-based modelling and simulation}},
  PUBLISHER = {Palgrave Journals}
}

@BOOK{A*Review,
  AUTHOR = {Xiao Cui AND Hao Shi},
  YEAR = {2011},
  TITLE = {A*-based Pathfinding in Modern Computer Games},
  PUBLISHER = {School of Engineering and Science, Victoria University, Melbourne, Australia}
}
 
@BOOK{gameProgramming,
  AUTHOR = {Mark A. DeLoura},
  TITLE = {{Game Programming: Gems 2}}
}

@BOOK{HumanBehaviouralTraits,
  TITLE = {{Behavioral Modeling and Simulation}},
  YEAR = {2008},
  AUTHOR = {Greg L. Zacharias, Jean MacMillan, Susan B. Van Hemel}
}

@BOOK{glasgowUSimulator,
  TITLE = {{Designing a simulator for the evacuation of Glasgow University campus}},
  YEAR = {2007},
  AUTHOR = {Jamie Egan}
}

@BOOK{Fbehavior,
  TITLE = {{Chaos, Complexity, and Flocking Behavior: Metaphors for Learning}},
  YEAR = {1996},
  AUTHOR = {Stephanie Pace Marshall}
}

@BOOK{HAndBoid,
  TITLE = {{Parallelism and Synchronization in Actor Systems}},
  AUTHOR = {Hewitt, C. Atkinson. R},
  YEAR = {1977}
}

@BOOK{collisionDetection,
  TITLE = {Real-Time Collision Detection},
  YEAR = {2005},
  AUTHOR = {Christer Ericson}
}

@MISC{DailyMailEvacuation,
  HOWPUBLISHED = "\url{http://www.dailymail.co.uk/news/article-2104822/London-2012-Olympics-tube-terror-attack-drill-staged-emergency-services.html}",
  AUTHOR = {Eddie Wrenn},
  YEAR = {2012}
}

@MISC{multiAgent,
  TITLE = {{Multi-agent System}},
  YEAR = {2012},
  HOWPUBLISHED = "\url{http://en.wikipedia.org/wiki/Multi-agent_system}",
}

@MISC{java3D,
  TITLE = {{Java3D}},
  HOWPUBLISHED = "\url{http://www.oracle.com/technetwork/java/javase/tech/index-jsp-138252.html}"
}

@MISC{jmonkey,
  TITLE = {{jMonkeyEngine3}},
  YEAR = {2012},
  HOWPUBLISHED = "\url{http://jmonkeyengine.com}"
}

@MISC{navmesh, 
  TITLE = {{Navigation Mesh}},
  YEAR = {2012},
  HOWPUBLISHED = "\url{http://en.wikipedia.org/wiki/Navigation_mesh}"
}

