
@MISC{jmonkey,
  TITLE = {{jMonkeyEngine3}},
  MONTH = dec,
  HOWPUBLISHED = "\url{http://jmonkeyengine.org/wiki/doku.php/jme3#tutorials_for_beginners}",
  YEAR = {2012},

}

@MISC{blender,
  TITLE = {{Blender Tutorial}},
  MONTH = dec,
  YEAR = {2012},
  HOWPUBLISHED = "\url{http://cgcookie.com/blender/get-started-with-blender/}"
}

@MISC{psychology,
  AUTHOR = {Dr John Drury and Dr Chris Cocking},
  TITLE = {{The Mass Psychology of Disastersand Emergency Evacuations}},
  MONTH = mar,
  YEAR = {2007},
  URL = {http://www.academia.edu/1190154/The_mass_psychology_of_disasters_and_emergency_evacuations_A_research_report_and_implications_for_practice}
}

@BOOK{casestudy_nightclub_fires,
  AUTHOR    = {Robert F. Duval}, 
  TITLE     = {NFPA Case Study: Nightclub Fires},
  PUBLISHER = {National Fire Protection Association},
  YEAR      = {2006},
}

@BOOK{london_hospital_fires,
  AUTHOR    = {Ruth Carnall}, 
  TITLE     = {Review of ﬁve London hospital ﬁres and their management},
  PUBLISHER = {NHS London},
  YEAR      = {2006},
}


