% This file was created with JabRef 2.7b.
% Encoding: UTF-8

@MISC{Recast,
  title = {\url{https://code.google.com/p/recastnavigation/}}
}

@MISC{NMGen,
  title = {\url{http://www.critterai.org/nmgen_study/}}
}

@PHDTHESIS{EgressBehaviourKirchner,
  author = {Ansgar Kirchnera and Hubert Klupfel and Katsuhiro Nishinari and Andreas Schadschneider and Michael Schreckenberg},
  title = {Simulation of competitive egress behavior: comparison with aircraft
	evacuation data},
  school = {Various Institutes},
  year = {2003}
}

@BOOK{london_hospital_fires,
  title = {Review of ﬁve London hospital ﬁres and their management},
  publisher = {NHS London},
  year = {2006},
  author = {Ruth Carnall}
}

@ARTICLE{Dijkstra,
  author = {Dijkstra, E. W},
  title = {A note on two problems in connexion with graphs},
  year = {1959},
  publisher = {Numerische Mathematik}
}

@MISC{psychology,
  author = {Dr John Drury and Dr Chris Cocking},
  title = {{The Mass Psychology of Disastersand Emergency Evacuations}},
  month = mar,
  year = {2007},
  url = {http://www.academia.edu/1190154/The_mass_psychology_of_disasters_and_emergency_evacuations_A_research_report_and_implications_for_practice}
}

@BOOK{casestudy_nightclub_fires,
  title = {NFPA Case Study: Nightclub Fires},
  publisher = {National Fire Protection Association},
  year = {2006},
  author = {Robert F. Duval}
}

@UNPUBLISHED{BoundedRationalityDefinition,
  author = {Gerd Gigerenzer and Peter M. Todd},
  title = {Simple Heuristics That Make Us Smart},
  note = {.}
}

@BOOK{HiddenDimension,
  title = {The Hidden Dimension},
  publisher = {Bantam Doubleday Dell Publishing Group},
  year = {1966},
  author = {Edward T. Hall}
}

@PHDTHESIS{CIFEResearchProposal,
  author = {Kincho H. Law and Ken Dauber and Xiaoshan Pan},
  title = {Computational Modeling of Nonadaptive Crowd Behaviors for Egress
	Analysis},
  school = {Stanford University},
  year = {2006}
}

@PHDTHESIS{SimulexVSEvacuatioNZ,
  author = {Sing Yen Ko},
  title = {Comparison of Evacuation Times Using Simulex and EvacuatioNZ Based
	on Trial Evacuations},
  school = {University of Canterbury},
  year = {2003}
}

@BOOK{AdministrativeProgrammingTeam,
  title = {Student Survival Guide to Managing Group Projects 2.5},
  publisher = {\url{http://www.se.rit.edu/~sal/SEmanual/TableOfContents.html}},
  year = {2006},
  author = {Stephanie Ludi}
}

@MISC{boostPython,
  author = {Dave Abrahams},
  title = {Boost Python Documentation},
  HOWPUBLISHED = "\url{http://www.boost.org/doc/libs/1_53_0/libs/python/doc/index.html}",
  timestamp = {2013.03.17}
}

@MISC{Jelovic,
  author = {Dejan Jelovic},
  title = {Why Java Will Always Be Slower than C++},
  HOWPUBLISHED = "\url{www.jelovic.com/articles/why_java_is_slow.htm}",
  timestamp = {2013.03.17}
}

@MISC{AboutJava,
  HOWPUBLISHED = "\url{http://www.java.com/en/about/}",
  AUTHOR = {Oracle},
  timestamp = {2013.03.17}
}

@MISC{java3D,
  TITLE = {{Java3D}},
  HOWPUBLISHED = "\url{http://www.oracle.com/technetwork/java/javase/tech/index-jsp-138252.html}",
  AUTHOR = {Oracle},
  timestamp = {2013.03.17}
}

@PHDTHESIS{panMASSEgressThesis,
  author = {Xiaoshan Pan},
  title = {COMPUTATIONAL MODELING OF HUMAN AND SOCIAL BEHAVIORS FOR EMERGENCY
	EGRESS ANALYSIS},
  school = {Stanford University},
  year = {2006}
}

@ARTICLE{Astar,
  author = {Peter E. Hart, Nils J. Nilsson, Bertram Raphael},
  title = {A Formal Basis for the Heuristic Determination of Minimum Cost Paths},
  year = {1968},
  publisher = {IEEE, TRANSACTIONS OF SYSTEMS SCIENCE AND CYBERNETICS}
}

@ARTICLE{Dstar,
    author = {Anthony Stentz and Is Carnegle Mellon},
    title = {Optimal and Efficient Path Planning for Unknown and Dynamic Environments},
    journal = {International Journal of Robotics and Automation},
    year = {1993},
    volume = {10},
    pages = {89--100}
}


@ARTICLE{HerdingInHumans,
  author = {Ramsey M. Raafat, Nick Chater and Chris Frith},
  title = {Herding in humans},
  journal = {Trends in Cognitive Science. Vol. 13 No. 10},
  year = {2009}
}

@ARTICLE{Roy2002,
  author = {Promit Roy},
  title = {Direct3D vs. OpenGL: Which API to Use When, Where, and Why},
  journal = {Graphics Programming and Theory; GamerDev.net},
  year = {2002},
  timestamp = {2013.03.17}
}

@PHDTHESIS{CrowdDynamicsStill,
  author = {G. Keith Still},
  title = {Crowd Dynamics},
  school = {University of Warwick},
  year = {2000}
}

@PHDTHESIS{BottleneckStudy,
  author = {Tobias Kretz and Anna Grunebohm and Michael Schreckenberg},
  title = {Experimental study of pedestrian flow through a bottleneck},
  school = {University of Dulsburg-Essen},
  year = {2008}
}

@ARTICLE{Wilson2006,
  author = {Kyle Wilson},
  title = {Why C++},
  journal = {Game Architect},
  year = {2006},
  timestamp = {2013.03.17},

  url = {http://gamearchitect.net/Articles/WhyC++.html}
}

@PHDTHESIS{MultiAgentFramework,
  author = {Xiaoshan Pan and Charles S. Han and Ken Dauber and Kincho H. Law},
  title = {A multi-agent based framework for the simulation of human and social
	behaviors during emergency evacuations},
  school = {Stanford University},
  year = {2006}
}

@PHDTHESIS{IndivBehaviourPseudo,
  author = "Xiaoshan Pan and Chuck Han and Kincho H. Law and Jean-Claude Latombe",
  title = {A computational framework to simulate human and social behaviours
	for egress analysis},
  school = {Stanford University},
  year = {2006}
}

@BOOK{HandbookOfPsychology5,
  title = {Handbook of Psychology, Volume 5: Personality and Social Psychology},
  publisher = {John Wiley \& Sons},
  year = {2003},
  editor = {Irving B. Weiner, Theodore Millon \& Melvin J. Lerner}
}

@MISC{AdaptiveBehaviourWiki,
  title = {\url{http://en.wikipedia.org/wiki/Adaptive_behavior_(ecology)}}
}

@MISC{ProxemicsWiki,
  title = {\url{http://en.wikipedia.org/wiki/Proxemics}}
}

@MISC{SocialProofWiki,
  title = {\url{http://en.wikipedia.org/wiki/Social_proof}}
}

@MISC{blender,
  title = {{Blender Tutorial}},
  howpublished = {\url{http://cgcookie.com/blender/get-started-with-blender/}},
  month = dec,
  year = {2012}
}

@MISC{jmonkey,
  title = {{jMonkeyEngine3}},
  howpublished = {\url{http://jmonkeyengine.org/wiki/doku.php/jme3#tutorials_for_beginners}},
  year = {2012}
}

@MISC{WikipediaFluidMechanics,
  HOWPUBLISHED = "\url{http://en.wikipedia.org/wiki/Fluid_mechanics}"
}

@MISC{fireEvacuationProcedure,
  HOWPUBLISHED="\url{http://www.nicva.org/conference-facilities/fire-evacuation-procedure}",
  TITLE = {{Fire Evacuation Procedure}},
  AUTHOR = {NICVA},
  YEAR = {2013}
}

@MISC{jGuru,
  HOWPUBLISHED = "\url{http://www.jguru.com/faq/view.jsp?EID=106026}",
  YEAR = {2013}
}

@MISC{mvc,
  AUTHOR = {Oracle},
  YEAR = {2013},
  HOWPUBLISHED = "\url{http://www.oracle.com/technetwork/articles/javase/index-142890.html#1}",
  TITLE = {{Definition of Model, View, Controller (MVC)}}
}

@BOOK{StillCrowdDynamics,
  AUTHOR = {G. Keith Still},
  YEAR = {2000},
  TITLE = {Crowd Dynamics},
  PUBLISHER = {University of Warwick}
}

@BOOK{GaleaMathModelling,
  AUTHOR = {E.R. Galea},
  TITLE = {{Use of mathematical modelling in fire safety engineering}},
  PUBLISHER = {F.S.E.G., University of Greenwich}
}

@BOOK{GaleaNumericalSimulation,
  AUTHOR = {E.R. Galea},
  YEAR = {1999},
  TITLE = {{The numerical simulation of aircraft evacuation and it's application to aircraft design and certification}},
  PUBLISHER = {F.S.E.G., University of Greenwich}
}

@BOOK{evacuationModelling, 
  AUTHOR = {S.Gwynne, E.R. Galea, P.J. Lawrence and L. Filippidis},
  YEAR = {1999},
  TITLE = {A Review of the Methodologies Used in Evacuation Modelling},
  PUBLISHER = {University of Greenwich}
}

@BOOK{evacuationSimulatordefinition,
  AUTHOR = {H. Hakonen, T. Susi, M. Siikonen},
  YEAR = {2003},
  TITLE = {{Evacuation Simulation of Tall Buildings}}
}

@BOOK{evacuationModel,
  AUTHOR = {G. Santos, B. Aguirre},
  YEAR = {2004},
  TITLE = {{A Critical Review of Emergency Evacuation Simulation Models}}
}

@BOOK{EvalApprehension,
  AUTHOR = {Robert Rosenthal and Ralph L. Rosnow},
  TITLE = {Artifacts in Behavioral Research},
  YEAR = {2009},
  ISBN = {978-0-19-538554-0},
  PUBLISHER = {{Oxford University Press}}
  
}

@BOOK{AgentBasedTutorial,
  AUTHOR = {CM Macal and MJ North},
  YEAR = {2010},
  TITLE = {{Tutorial on agent-based modelling and simulation}},
  PUBLISHER = {Palgrave Journals}
}

@BOOK{A*Review,
  AUTHOR = {Xiao Cui AND Hao Shi},
  YEAR = {2011},
  TITLE = {A*-based Pathfinding in Modern Computer Games},
  PUBLISHER = {School of Engineering and Science, Victoria University, Melbourne, Australia}
}
 
@BOOK{gameProgramming,
  AUTHOR = {Mark A. DeLoura},
  TITLE = {{Game Programming: Gems 2}}
}

@BOOK{HumanBehaviouralTraits,
  TITLE = {{Behavioral Modeling and Simulation}},
  YEAR = {2008},
  AUTHOR = {Greg L. Zacharias, Jean MacMillan, Susan B. Van Hemel}
}

@BOOK{glasgowUSimulator,
  TITLE = {{Designing a simulator for the evacuation of Glasgow University campus}},
  YEAR = {2007},
  AUTHOR = {Jamie Egan}
}

@BOOK{Fbehavior,
  TITLE = {{Chaos, Complexity, and Flocking Behavior: Metaphors for Learning}},
  YEAR = {1996},
  AUTHOR = {Stephanie Pace Marshall}
}

@BOOK{HAndBoid,
  TITLE = {{Parallelism and Synchronization in Actor Systems}},
  AUTHOR = {Hewitt, C. Atkinson. R},
  YEAR = {1977}
}

@BOOK{collisionDetection,
  TITLE = {Real-Time Collision Detection},
  YEAR = {2005},
  AUTHOR = {Christer Ericson}
}

@MISC{DailyMailEvacuation,
  HOWPUBLISHED = "\url{http://www.dailymail.co.uk/news/article-2104822/London-2012-Olympics-tube-terror-attack-drill-staged-emergency-services.html}",
  AUTHOR = {Eddie Wrenn},
  YEAR = {2012}
}

@MISC{multiAgent,
  TITLE = {{Multi-agent System}},
  YEAR = {2012},
  HOWPUBLISHED = "\url{http://en.wikipedia.org/wiki/Multi-agent_system}"
}

@MISC{navmesh, 
  TITLE = {{Navigation Mesh}},
  YEAR = {2012},
  HOWPUBLISHED = "\url{http://en.wikipedia.org/wiki/Navigation_mesh}"
}

@BOOK{SommervilleSoftwareEng,
AUTHOR={Ian Sommerville},
TITLE = {Software Engineering, 9 ed.},
PUBLISHER = {Pearson},
YEAR = {2011},
}







