\begin{thebibliography}{1}

@ARTICLE{Astar,
AUTHOR = {Peter E. Hart, Nils J. Nilsson, Bertram Raphael}
TITLE = {A Formal Basis for the Heuristic Determination of Minimum Cost Paths},
PUBLISHER = {IEEE, TRANSACTIONS OF SYSTEMS SCIENCE AND CYBERNETICS}
YEAR = {1968},
}

@ARTICLE{Dijkstra,
AUTHOR = {Dijkstra, E. W}
TITLE = {A note on two problems in connexion with graphs},
PUBLISHER = {Numerische Mathematik}
YEAR = {1959},
}

\end{thebibliography}
